@ONLINE{pyqgis:www,
	title = {PyQGIS Developer Cookbook},
	year = {2012},
	url = {http://www.qgis.org/pyqgis-cookbook/index.html}
}	

@ONLINE{qt:www,
	title = {Online Reference Documentation},
	year = {2011},
	url = {http://doc.qt.nokia.com/}
}

@Manual{qgis:www,
    title = {Quantum GIS Geographic Information System},
    author = {{Quantum GIS Development Team}},
    organization = {Open Source Geospatial Foundation},
    year = {2009},
    url = {http://qgis.osgeo.org},
}

@Manual{qgis_api:www,
	title = {Quantum GIS Geographic Information System API Documentation},
    author = {{Quantum GIS Development Team}},
    organization = {Open Source Geospatial Foundation},
	url = {http://qgis.org/api/}
}	

@ONLINE{pf:supportedModules,
	title = {Module Support for QGIS Processing Framework},
	url = {https://github.com/polymeris/qgis/wiki/Module-Support}
}

@ONLINE{python:www,
	title = {Python v2.7.3 documentation},
	url = {http://docs.python.org/}
}	

@ONLINE{pyqt:www,
	title = {PyQt Class Reference},
	url = {http://www.riverbankcomputing.co.uk/static/Docs/PyQt4/html/classes.html}
}	

@BOOK{demel:book,
	author = {Jiří Demel},
	title = {Grafy a jejich aplikace},
	publisher = {ACADEMIA},
	isbn = {80-200-0990-6},
	year = {2002},
}

@BOOK{py3:book,
	author = {Mark Pilgrim},
	title = {Ponořme se do Python(u) 3. Dive Into Python 3.},
	publisher = {CZ.NIC, z. s. p. o.},
	year = {2010},
}